@article{dhar2012data,
  title={Data science and prediction},
  author={Dhar, Vasant},
  year={2012},
  publisher={NYU Working Paper}
}

@misc{python3, 
title={Python 3.0 Release}, 
url={https://www.python.org/download/releases/3.0/}, journal={Python.org}
} 

@misc{numpy, 
title={NumPy}, 
url={https://www.numpy.org/}, 
journal={NumPy}
}

@misc{pandas, 
title={Python Data Analysis Library},
url={https://pandas.pydata.org/}, 
journal={pandas}
}

@misc{scipy, 
title={SciPy.org}, 
url={https://www.scipy.org/}, 
journal={SciPy.org - SciPy.org}
}

@misc{matplotlib, 
title={MatPlotLib}, 
url={https://matplotlib.org/}, 
journal={Matplotlib}
}

@misc{sklearn, 
title={SKLearn}, 
url={https://scikit-learn.org/stable/}, 
journal={scikit}
}


@article{oscars2013,
author = {Gold, Michael and McClarren, Ryan and Gaughan, Conor},
title = {The Lessons Oscar Taught Us: Data Science and Media \& Entertainment},
journal = {Big Data},
volume = {1},
number = {2},
pages = {105-109},
year = {2013}
}


@book{movie2015,
  title={Movie analytics: a hollywood introduction to big data},
  author={Haughton, Dominique and McLaughlin, Mark-David and Mentzer, Kevin and Zhang, Changan},
  year={2015},
  publisher={Springer}
}

@inbook{inbook,
author = {Haughton, Dominique and Mclaughlin, Mark-David and Mentzer, Kevin and Zhang, Changan},
year = {2015},
month = {01},
pages = {37-39},
title = {Oscar Prediction and Prediction Markets}
}



